=LDR  02171 am a22005173  4500
=001  014602959
=003  Uk
=005  20201127182352.0
=007  cr\mn\024mpadp
=007  cr\mn\024mpada
=008  880927|1800||||enk\\\\|s\\\\||||\||eng\\
=FMT  \\$a  BK
=040  \\$aUk$cUk
=245  10$aSongs, Chorusses, etc., in the new pantomime of Harlequin Tour; or, the Dominion of Fancy, as performed at the Theatre Royal, Covent-Garden, etc.$h[electronic resource]
=264  \1$aLondon,$c1800.
=300  \\$c(8º)
=336  \\$atext$2rdacontent
=337  \\$acomputer$2rdamedia
=338  \\$aonline resource$2rdacarrier
=340  \\$m8vo$2rdabf
=720  \\$aHARLEQUIN
=859  \\$aXLD$bMS Digitised
=859  \\$aXLD$bMSD
=883  0\$aLanguage codes assigned by Bayesian analysis of words present in record$d20201028$qUk$c0.9010
=985  \\$aUpgraded by BSS-generated file for WR1910-0531
=985  \\$aUpgraded by BSS-generated file for WR2011-1472
=CAT  \\$aBATCH-MSDN$b00$c20080430$lBLL01$h0953
=CAT  \\$aBATCH$b00$c20080430$lBLL01$h0954
=CAT  \\$aBATCH$b00$c20080430$lBLL01$h0955
=CAT  \\$aBATCH-UPD$b00$c20080506$lBLL01$h2219
=CAT  \\$aBATCH-UPD$b00$c20100501$lBLL01$h0016
=CAT  \\$aWR13.117$c20130720$lBLL01$h1900
=CAT  \\$aWR14.046$c20140417$lBLL01$h1706
=CAT  \\$aWR13.144/5$c20140418$lBLL01$h0949
=CAT  \\$aBATCH-DCW$b00$c20160710$lBLL01$h1004
=CAT  \\$a1805-0738$c20181228$lBLL01$h1815
=CAT  \\$a1805-0738$b00$c20181228$lBLL01$h1903
=CAT  \\$aW1910-0531$b00$c20191108$lBLL01$h1809
=CAT  \\$aW2011-1472$b00$c20201127$lBLL01$h1823
=FIN  \\$aY$d20080430
=LKR  \\$aPAR$lBLL01$r776$b001596461$mSongs, Chorusses, etc., in the new pantomime of Harlequin Tour; or, the Dominion of Fancy, as performed at the Theatre Royal, Covent-Garden, etc.$nSongs, Chorusses, etc., in the new pantomime of Harlequin Tour; or, the Dominion of Fancy, as performed at the Theatre Royal, Covent-Garden, etc.
=DGM  \\$a001596461$bCatBridge variable field
=DRT  \\$aMSD
=SRC  \\$aMSD$bMSBooks_20160709
=SRC  \\$aMSD$bmsdig_000004
=LAS  \\$aW2011-1472$b00$c20201127$lBLL01$h1823

