=LDR  02089 am a22005053  4500
=001  014817033
=003  Uk
=005  20201127182553.0
=007  cr\mn\024mpadp
=007  cr\mn\024mpada
=008  890201|1678||||enk\\\\|s\\\\\|||\||eng\\
=FMT  \\$a  BK
=040  \\$aUk$cUk
=100  1\$aLeanerd, John,$dactive 1679.
=245  14$aThe Rambling Justice; or, the Jealous Husbands. With the humours of Sir John Twiford, etc. [A comedy in five acts and in prose.]$h[electronic resource]
=264  \1$aLondon,$c1678.
=300  \\$c(4º)
=336  \\$atext$2rdacontent
=337  \\$acomputer$2rdamedia
=338  \\$aonline resource$2rdacarrier
=340  \\$m4to$2rdabf
=859  \\$aXLD$bMS Digitised
=859  \\$aXLD$bMSD
=883  0\$aLanguage codes assigned by Bayesian analysis of words present in record$d20201028$qUk$c0.9010
=985  \\$aUpgraded by BSS-generated file for WR1910-0531
=985  \\$aUpgraded by BSS-generated file for WR2011-1472
=CAT  \\$aBATCH-MSDN$b00$c20081116$lBLL01$h1155
=CAT  \\$aBATCH$b00$c20081116$lBLL01$h1404
=CAT  \\$aBATCH-UPD$b00$c20100501$lBLL01$h0039
=CAT  \\$aWR13_070$b00$c20130504$lBLL01$h0307
=CAT  \\$aWR13.117$c20130720$lBLL01$h1908
=CAT  \\$aWR14.046$c20140417$lBLL01$h1713
=CAT  \\$aWR13.144/5$c20140418$lBLL01$h1008
=CAT  \\$aBATCH-DCW$b00$c20160710$lBLL01$h1006
=CAT  \\$a1805-0738$c20181228$lBLL01$h1820
=CAT  \\$a1805-0738$b00$c20181228$lBLL01$h1906
=CAT  \\$aW1910-0531$b00$c20191108$lBLL01$h1811
=CAT  \\$aW2011-1472$b00$c20201127$lBLL01$h1825
=FIN  \\$aY$d20081116
=LKR  \\$aPAR$lBLL01$r776$b002101310$mThe Rambling Justice; or, the Jealous Husbands. With the humours of Sir John Twiford, etc. [A comedy in five acts and in prose.]$nThe Rambling Justice; or, the Jealous Husbands. With the humours of Sir John Twiford, etc. [A comedy in five acts and in prose.]
=DGM  \\$a002101310$bCatBridge variable field
=DRT  \\$aMSD
=SRC  \\$aMSD$bMSBooks_20160709
=SRC  \\$aMSD$bmsdig_000052
=LAS  \\$aW2011-1472$b00$c20201127$lBLL01$h1825

