=LDR  01663 am a22004453  4500
=001  014826248
=003  Uk
=005  20081120112732.0
=007  cr\mn\024mpadp
=007  cr\mn\024mpada
=008  890802|1827|||||||\\\\|s\\\\||||\||eng\\
=FMT  \\$a  BK
=040  \\$aUk$cUk
=245  10$aNarrative of the captivity of an officer, who fell into the hands of the Burmāhs during the late war.$h[electronic resource]
=264  \1$aMadras,$c1827.
=300  \\$c(8º)
=336  \\$atext$2rdacontent
=337  \\$acomputer$2rdamedia
=338  \\$aonline resource$2rdacarrier
=340  \\$m8vo$2rdabf
=720  \\$aNARRATIVE
=859  \\$aXLD$bMS Digitised
=859  \\$aXLD$bMSD
=985  \\$aCorrected by MS generated file for WR# 1805-0738
=CAT  \\$aBATCH-MSDN$b00$c20081120$lBLL01$h1127
=CAT  \\$aBATCH$b00$c20081120$lBLL01$h1652
=CAT  \\$aBATCH-UPD$b00$c20100501$lBLL01$h0041
=CAT  \\$aWR13.117$c20130720$lBLL01$h1910
=CAT  \\$aWR14.046$c20140417$lBLL01$h1715
=CAT  \\$aWR13.144/5$c20140418$lBLL01$h1010
=CAT  \\$aBATCH-DCW$b00$c20160710$lBLL01$h1007
=CAT  \\$a1805-0738$c20181228$lBLL01$h1821
=CAT  \\$a1805-0738$b00$c20181228$lBLL01$h1907
=FIN  \\$aY$d20081120
=LKR  \\$aPAR$lBLL01$r776$b002607467$mNarrative of the captivity of an officer, who fell into the hands of the Burmāhs during the late war.$nNarrative of the captivity of an officer, who fell into the hands of the Burmāhs during the late war.
=DGM  \\$a002607467$bCatBridge variable field
=DRT  \\$aMSD
=SRC  \\$aMSD$bMSBooks_20160709
=SRC  \\$aMSD$bmsdig_000053
=LAS  \\$a1805-0738$b00$c20181228$lBLL01$h1907

