=LDR  01510 am a22004453  4500
=001  014848168
=003  Uk
=005  20200626182212.0
=007  cr\mn\024mpadp
=007  cr\mn\024mpada
=008  900724|1893|||||||\\\\|s\\\\\|||\||ita\\
=FMT  \\$a  BK
=040  \\$aUk$cUk
=100  1\$aVALENTE, A.,$cof Taranto.
=245  10$aMolle Tarentum: studii e ricerche.$h[electronic resource]
=264  \1$aTaranto,$c1893.
=300  \\$a129 pages ;$c(8º)
=336  \\$atext$2rdacontent
=337  \\$acomputer$2rdamedia
=338  \\$aonline resource$2rdacarrier
=859  \\$aXLD$bMS Digitised
=859  \\$aXLD$bMSD
=985  \\$aCorrected by MS generated file for WR# 1805-0738
=CAT  \\$aBATCH-MSDN$b00$c20081203$lBLL01$h1750
=CAT  \\$aBATCH$b00$c20081203$lBLL01$h1901
=CAT  \\$aBATCH-UPD$b00$c20100501$lBLL01$h0045
=CAT  \\$aWR13.117$c20130720$lBLL01$h1914
=CAT  \\$aWR14.046$c20140417$lBLL01$h1718
=CAT  \\$aWR13.144/5$c20140418$lBLL01$h1014
=CAT  \\$aBATCH-DCW$b00$c20160710$lBLL01$h1007
=CAT  \\$a1805-0738$c20181228$lBLL01$h1823
=CAT  \\$a1805-0738$b00$c20181228$lBLL01$h1908
=CAT  \\$aW2001-2376$c20200626$lBLL01$h1822
=FIN  \\$aY$d20081203
=LKR  \\$aPAR$lBLL01$r776$b003747911$mMolle Tarentum: studii e ricerche.$nMolle Tarentum: studii e ricerche.
=DGM  \\$a003747911$bCatBridge variable field
=DRT  \\$aMSD
=SRC  \\$aMSD$bMSBooks_20160709
=SRC  \\$aMSD$bmsdig_000059
=LAS  \\$aW2001-2376$b00$c20200626$lBLL01$h1822

