=LDR  02198cam a22005773  4500
=001  014866868
=003  Uk
=005  20230313092142.0
=007  cr\mn\024mpadp
=007  cr\mn\024mpada
=008  880908r19071893enk\\\\\s\\\\\|||\0\eng\\
=FMT  \\$a  BK
=040  \\$aUk$cUk
=100  1\$aHakluyt, Richard,$d1552?-1616.
=240  10$aPrincipall Navigations
=245  10$aVoyages of the Elizabethan seamen to America$h[electronic resource] /$cselect narratives from the "Principal Navigations" of Hakluyt ; edited by Edward John Payne.
=250  \\$aSecond edition.
=264  \1$aOxford :$bClarendon Press,$c1893 [reissued 1907]
=300  \\$alvi, 280 pages ;$c(8º)
=336  \\$atext$2rdacontent
=337  \\$acomputer$2rdamedia
=338  \\$aonline resource$2rdacarrier
=700  1\$aPayne, Edward John,$d1844-1904.
=859  \\$aXLD$bMS Digitised
=859  \\$aXLD$bMSD
=985  \\$aEnhanced by MS generated file for WR# 12/139
=985  \\$aCorrected by MS generated file for WR# 1805-0738
=CAT  \\$aBATCH-MSDN$b00$c20090102$lBLL01$h0921
=CAT  \\$aBATCH$b00$c20090102$lBLL01$h0948
=CAT  \\$aBATCH-UPD$b00$c20100501$lBLL01$h0046
=CAT  \\$aWR12.139$b00$c20130501$lBLL01$h1844
=CAT  \\$aWR13.117$c20130720$lBLL01$h1915
=CAT  \\$aWR14.046$c20140417$lBLL01$h1720
=CAT  \\$aWR13.144/5$c20140418$lBLL01$h1015
=CAT  \\$a8874$b40$c20141216$lBLL01$h0855
=CAT  \\$a8874$b40$c20141216$lBLL01$h0857
=CAT  \\$aBATCH-DCW$b00$c20160710$lBLL01$h1008
=CAT  \\$aWR1708-149$c20170824$lBLL01$h1833
=CAT  \\$aBATCH-DCW$c20180518$lBLL01$h1816
=CAT  \\$a1805-0738$c20181228$lBLL01$h1823
=CAT  \\$a1805-0738$b00$c20181228$lBLL01$h1909
=CAT  \\$aW2001-2376$c20200626$lBLL01$h1822
=CAT  \\$aW1708-1492$c20211211$lBLL01$h1454
=CAT  \\$a8250$b40$c20230313$lBLL01$h0921
=FIN  \\$aY$d20090102
=LKR  \\$aPAR$lBLL01$r776$b001565534$mVoyages of the Elizabethan seamen to America$nVoyages of the Elizabethan seamen to America
=DGM  \\$a001565534$bCatBridge variable field
=DRT  \\$aMSD
=SRC  \\$aMSD$bMSBooks_20160709
=SRC  \\$aMSD$bmsdig_000062
=LAS  \\$a8250$b40$c20230313$lBLL01$h0921

