=LDR  02348cam a22005653  4500
=001  014867456
=003  Uk
=005  20230313092435.0
=007  cr\mn\024mpadp
=007  cr\mn\024mpada
=008  900125s1903\\\\|||\\\\|\\\\\||||\||ger\\
=FMT  \\$a  BK
=040  \\$aUk$cUk$dUk
=100  1\$aCHRISTIANSEN, U. A.
=245  10$aDie Geschichte Husums im Rahmen der Geschichte Schleswig-Holsteins, mit vorangehender Beschreibung Nordfrieslands und der Sturmfluten in einfachen Einzeldarstellungen.
=264  \1$aHusum,$c[1903-]
=300  \\$a2 volumes ;$c(8º)
=336  \\$atext$2rdacontent
=337  \\$acomputer$2rdamedia
=338  \\$aonline resource$2rdacarrier
=859  \\$aXLD$bMS Digitised
=859  \\$aXLD$bMSD
=985  \\$aCorrected by MS generated file for WR# 1805-0738
=CAT  \\$aBATCH-MSDN$b00$c20090102$lBLL01$h0921
=CAT  \\$aBATCH$b00$c20090102$lBLL01$h0948
=CAT  \\$aBATCH-MSDE$b00$c20090108$lBLL01$h0732
=CAT  \\$aBATCH$b00$c20090108$lBLL01$h1119
=CAT  \\$aBATCH-UPD$b00$c20100501$lBLL01$h0046
=CAT  \\$aWR13.117$c20130720$lBLL01$h1916
=CAT  \\$aWR14.046$c20140417$lBLL01$h1720
=CAT  \\$aWR13.144/5$c20140418$lBLL01$h1015
=CAT  \\$aBATCH-DCW$b00$c20160710$lBLL01$h1008
=CAT  \\$a8250$b40$c20160819$lBLL01$h1431
=CAT  \\$a8250$b40$c20160819$lBLL01$h1432
=CAT  \\$a8250$b40$c20160819$lBLL01$h1433
=CAT  \\$aWR1708-149$c20170824$lBLL01$h1833
=CAT  \\$aBATCH-DCW$c20180518$lBLL01$h1816
=CAT  \\$a1805-0738$c20181228$lBLL01$h1823
=CAT  \\$a1805-0738$b00$c20181228$lBLL01$h1909
=CAT  \\$aW2001-2376$c20200626$lBLL01$h1822
=CAT  \\$aW1708-1492$c20211211$lBLL01$h1454
=CAT  \\$a8250$b40$c20230313$lBLL01$h0924
=FIN  \\$aY$d20090108
=LKR  \\$aPAR$lBLL01$r776$b000696267$mGeschichte Husums im Rahmen der Geschichte Schleswig-Holsteins, mit vorangehender Beschreibung Nordfrieslands und der Sturmfluten in einfachen Einzeldarstellungen.$nGeschichte Husums im Rahmen der Geschichte Schleswig-Holsteins, mit vorangehender Beschreibung Nordfrieslands und der Sturmfluten in einfachen Einzeldarstellungen.
=DGM  \\$a003002587$bCatBridge variable field
=DRT  \\$aMSD
=SRC  \\$aMSD$bMSBooks_20160709
=SRC  \\$aMSD$bMSDIG_000063
=SRC  \\$aMSD$bmsdig_000062
=LAS  \\$a8250$b40$c20230313$lBLL01$h0924

