=LDR  02221cam a22005533  4500
=001  014871661
=003  Uk
=005  20230313092257.0
=007  cr\mn\024mpadp
=007  cr\mn\024mpada
=008  961010r19071872enkabce\s\\\\o000\0\eng\\
=FMT  \\$a  BK
=040  \\$aUk$cUk$dUk
=041  1\$ager$heng
=110  1\$aPrussia (Germany).$bArmee.$bGrosser Generalstab.$bKriegsgeschichtliche Abteilung II.
=245  14$aThe Campaign of 1866 in Germany$h[electronic resource] /$ccompiled by the Department of Military History of the Prussian Staff ; translated into English by Colonel von Wright ... and Captain H. M. Hozier, etc.
=260  \\$aLondon :$bPrinted for H.M. Stationery Off., by Harrison and Sons,$c1872, reprinted 1907.
=300  \\$aiv, 648 pages :$billustrations, maps ;$c46 cm
=336  \\$atext$2rdacontent
=337  \\$acomputer$2rdamedia
=338  \\$aonline resource$2rdacarrier
=650  \0$aAustro-Prussian War, 1866.
=700  1\$aWright, Charles Harrison von,$d1821-1885.
=700  1\$aHozier, H. M.$q(Henry Montague),$d1842-1907.
=710  1\$aGreat Britain.$bWar Office.
=859  \\$aXLD$bMS Digitised
=859  \\$aXLD$bMSD
=CAT  \\$aBATCH-MSDN$b00$c20090108$lBLL01$h0730
=CAT  \\$aBATCH$b00$c20090108$lBLL01$h1117
=CAT  \\$aBATCH-UPD$b00$c20100501$lBLL01$h0047
=CAT  \\$aWR13.117$c20130720$lBLL01$h1916
=CAT  \\$aWR14.046$c20140417$lBLL01$h1720
=CAT  \\$aWR13.144/5$c20140418$lBLL01$h1015
=CAT  \\$a8874$b40$c20141216$lBLL01$h0842
=CAT  \\$a8874$b40$c20141216$lBLL01$h0845
=CAT  \\$a8874$b40$c20141216$lBLL01$h0847
=CAT  \\$aBATCH-UPD$b40$c20150228$lBLL01$h1733
=CAT  \\$aBATCH-DCW$b00$c20160710$lBLL01$h1008
=CAT  \\$aWR1708-149$c20170824$lBLL01$h1833
=CAT  \\$aBATCH-DCW$c20180518$lBLL01$h1816
=CAT  \\$aW1708-1492$c20211211$lBLL01$h1454
=CAT  \\$a8250$b40$c20230313$lBLL01$h0922
=FIN  \\$aY$d20090108
=LKR  \\$aPAR$lBLL01$r776$b001121928$mThe Campaign of 1866 in Germany$nThe Campaign of 1866 in Germany
=DGM  \\$a001121928$bCatBridge variable field
=DRT  \\$aMSD
=SRC  \\$aMSD$bMSBooks_20160709
=SRC  \\$aMSD$bMSDIG_000063
=LAS  \\$a8250$b40$c20230313$lBLL01$h0922

